@manual{heinz:2015a,
   author    = {Carsten Heinz and Brooks Moses and Jobst Hoffmann},
   title     = {The Listings Package},
   url       = {http://mirror.ctan.org/macros/latex/contrib/listings/listings.pdf},
   version   = {1.6},
   date      = {2015-06-04},
   language  = {english}
}


@manual{schoepf:2001a,
   author    = {Rainer Sch{\"o}pf and Bernd Raichle and Chris Rowley},
   title     = {A New Implementation of {\LaTeX}'s verbatim and verbatim* Environments},
   url       = {http://mirror.ctan.org/macros/latex/required/tools/verbatim.pdf},
   date      = {2001-03-12},
}

@techreport{sturm:2007b,
   author      = {Thomas F. Sturm},
   title       = {Mathematik 1 (B.Eng.)},
   type        = {Vorlesungs-Skriptum},
   institution = {Universit{\"a}t der Bundeswehr M{\"u}nchen},
   address     = {Neubiberg},
   url         = {http://www.unibw.de/bw/sturm},
   year        = 2007,
   language    = {german}
}

@techreport{sturm:2008b,
   author      = {Thomas F. Sturm},
   title       = {Mathematik 2 (B.Eng.)},
   type        = {Vorlesungs-Skriptum},
   institution = {Universit{\"a}t der Bundeswehr M{\"u}nchen},
   address     = {Neubiberg},
   url         = {http://www.unibw.de/bw/sturm},
   year        = 2008,
   language    = {german}
}

@techreport{sturm:2010a,
   author      = {Thomas F. Sturm},
   title       = {H{\"o}here Mathematik: Fortgeschrittene mathematische Methoden (M.Eng.)},
   type        = {Vorlesungs-Skriptum},
   institution = {Universit{\"a}t der Bundeswehr M{\"u}nchen},
   address     = {Neubiberg},
   url         = {http://www.unibw.de/bw/sturm},
   year        = 2010,
   language    = {german}
}

@book{sturm:2014g,
   author      = {Thomas F. Sturm},
   title       = {{\LaTeX} -- Einf\"uhrung in das Textsatzsystem},
   publisher   = {Regionales Rechenzentrum für Niedersachsen (RRZN)},
   address     = {Hannover},
   edition     = 10,
   series      = {RRZN-Handb\"ucher},
   url         = {http://www.rrzn.uni-hannover.de/buch.html?&titel=latex},
   date        = {2014-03},
   language    = {german}
}


@manual{tantau:2015a,
   author    = {Till Tantau},
   title     = {The TikZ and PGF Packages},
   subtitle  = {Manual for version 3.0.1a},
   url       = {http://mirrors.ctan.org/graphics/pgf/base/doc/pgfmanual.pdf},
   date      = {2015-08-29},
}


@manual{carlisle:2007a,
  author    = {David Carlisle},
  title     = {The file ltxdoc.dtx for use with \LaTeXe},
  url       = {http://mirror.ctan.org/macros/latex/base/ltxdoc.dtx},
  date      = {2007-11-11}
}

@manual{carlisle:2014a,
  author    = {David Carlisle},
  title     = {The tabularx package},
  url       = {http://mirror.ctan.org/macros/latex/required/tools/tabularx.pdf},
  date      = {2014-10-28}
}


@manual{mittelbach:2011a,
  author    = {Frank Mittelbach},
  title     = {The doc and shortvrb Packages},
  url       = {http://mirror.ctan.org/macros/latex/base/doc.dtx},
  date      = {2011-06-30}
}

@manual{breitenlohner:1998a,
   author    = {Peter Breitenlohner},
   title     = {The $\varepsilon$-\TeX\ manual},
   version   = {2},
   url       = {http://mirrors.ctan.org/systems/doc/etex/etex_man.pdf},
   date      = {1998-02},
}

@manual{oberdiek:2011a,
   author    = {Heiko Oberdiek},
   title     = {The listingsutf8 package},
   url       = {http://mirror.ctan.org/macros/latex/contrib/oberdiek/listingsutf8.pdf},
   date      = {2011-11-10},
}

@manual{robertson:2014a,
   author    = {Will Robertson},
   title     = {A couple of things involving environments},
   url       = {http://mirror.ctan.org/macros/latex/contrib/environ/environ.pdf},
   date      = {2014-05-04},
}


@manual{lehmann:2015a,
   author    = {Philipp Lehman and Joseph Wright},
   title     = {The etoolbox Package},
   url       = {http://mirror.ctan.org/macros/latex/contrib/etoolbox/etoolbox.pdf},
   date      = {2015-08-02},
}


@manual{cubitt:2013a,
   author    = {Toby Cubitt},
   title     = {The cleveref Package},
   url       = {http://mirror.ctan.org/macros/latex/contrib/cleveref/cleveref.pdf},
   date      = {2013-12-28},
}

@manual{rudolph:2011a,
   author    = {Konrad Rudolph},
   title     = {The minted package},
   subtitle  = {Highlighted source code in \LaTeX},
   url       = {http://mirror.ctan.org/macros/latex/contrib/minted/minted.pdf},
   date      = {2011-09-17},
}

@manual{poore:2015a,
   author    = {Geoffrey M. Poore and Konrad Rudolph},
   title     = {The minted package},
   subtitle  = {Highlighted source code in \LaTeX},
   url       = {http://mirror.ctan.org/macros/latex/contrib/minted/minted.pdf},
   date      = {2015-09-09},
}

@online{pygments:2013,
  title        = {Pygments},
  subtitle     = {Python syntax highlighter},
  date         = {2013},
  url          = {http://pygments.org/},
}

@manual{latexproject:2015a,
   author    = {The \LaTeX3 Project},
   title     = {The xparse Package},
   url       = {http://mirror.ctan.org/macros/latex/contrib/l3packages/xparse.pdf},
   date      = {2015-10-14},
}


@manual{arseneau:2011a,
   author    = {Donald Arseneau},
   title     = {The varwidth package},
   url       = {http://mirrors.ctan.org/macros/latex/contrib/varwidth/varwidth-doc.pdf},
   date      = {2011-09-26},
}

@manual{mittelbach:2015a,
   author    = {Frank Mittelbach},
   title     = {An environment for multicolumn output},
   url       = {http://mirror.ctan.org/macros/latex/required/tools/multicol.pdf},
   date      = {2015-09-30},
}


@manual{rahtz:2012a,
   author    = {Sebastian Rahtz and Heiko Oberdiek},
   title     = {Hypertext marks in \LaTeX: a manual for hyperref},
   url       = {http://mirrors.ctan.org/macros/latex/contrib/hyperref/doc/manual.pdf},
   date      = {2012-11},
   language  = {english}
}


@manual{oberdiek:2016a,
   author    = {Heiko Oberdiek},
   title     = {The bookmark package},
   url       = {http://mirrors.ctan.org/macros/latex/contrib/oberdiek/bookmark.pdf},
   date      = {2016-05-17},
   language  = {english}
}
